<record xmlns='http://www.loc.gov/MARC21/slim'><leader>03466cgm a2200745 i 4500</leader><controlfield tag='001'>8174421</controlfield><controlfield tag='005'>20200416092957.0</controlfield><controlfield tag='007'>vd cvaizu</controlfield><controlfield tag='008'>161222p20161965ja 131            vljpn d</controlfield><datafield ind1='3' ind2=' ' tag='024'><subfield code='a'>4910311830769</subfield></datafield><datafield ind1='4' ind2='3' tag='028'><subfield code='a'>TSD-64N</subfield></datafield><datafield ind1=' ' ind2=' ' tag='035'><subfield code='a'>(OCoLC)966695630</subfield></datafield><datafield ind1=' ' ind2=' ' tag='040'><subfield code='a'>YUS</subfield><subfield code='b'>eng</subfield><subfield code='e'>rda</subfield><subfield code='c'>YUS</subfield><subfield code='d'>OCLCO</subfield><subfield code='d'>OCLCF</subfield><subfield code='d'>PAU</subfield><subfield code='d'>OCLCA</subfield><subfield code='d'>OCL</subfield><subfield code='d'>ANL</subfield></datafield><datafield ind1=' ' ind2=' ' tag='043'><subfield code='a'>a-ja---</subfield></datafield><datafield ind1='0' ind2='0' tag='245'><subfield code='6'>880-01</subfield><subfield code='a'>Senjō ni nagareru uta /</subfield><subfield code='c'>kantoku Matsuyama Zenzō.</subfield></datafield><datafield ind1='0' ind2='0' tag='880'><subfield code='6'>245-01</subfield><subfield code='a'>戦場にながれる歌 /</subfield><subfield code='c'>監督松山善三.</subfield></datafield><datafield ind1=' ' ind2='1' tag='264'><subfield code='6'>880-02</subfield><subfield code='a'>Tōkyō :</subfield><subfield code='b'>Kabushiki Kaisha Deagosutīni Japan,</subfield><subfield code='c'>2016.</subfield></datafield><datafield ind1=' ' ind2='1' tag='880'><subfield code='6'>264-02</subfield><subfield code='a'>東京 :</subfield><subfield code='b'>株式会社デアゴスティーニ・ジャパン,</subfield><subfield code='c'>2016.</subfield></datafield><datafield ind1=' ' ind2=' ' tag='300'><subfield code='a'>1 videodisc (131 minutes) :</subfield><subfield code='b'>sound, color ;</subfield><subfield code='c'>4 3/4 inches +</subfield><subfield code='e'>1 booklet (8 pages : color illustrations ; 29 cm)</subfield></datafield><datafield ind1=' ' ind2=' ' tag='336'><subfield code='a'>two-dimensional moving image</subfield><subfield code='b'>tdi</subfield><subfield code='2'>rdacontent</subfield></datafield><datafield ind1=' ' ind2=' ' tag='336'><subfield code='a'>text</subfield><subfield code='b'>txt</subfield><subfield code='2'>rdacontent</subfield></datafield><datafield ind1=' ' ind2=' ' tag='337'><subfield code='a'>video</subfield><subfield code='b'>v</subfield><subfield code='2'>rdamedia</subfield></datafield><datafield ind1=' ' ind2=' ' tag='337'><subfield code='a'>unmediated</subfield><subfield code='b'>n</subfield><subfield code='2'>rdamedia</subfield></datafield><datafield ind1=' ' ind2=' ' tag='338'><subfield code='a'>videodisc</subfield><subfield code='b'>vd</subfield><subfield code='2'>rdacarrier</subfield></datafield><datafield ind1=' ' ind2=' ' tag='338'><subfield code='a'>volume</subfield><subfield code='b'>nc</subfield><subfield code='2'>rdacarrier</subfield></datafield><datafield ind1='1' ind2=' ' tag='490'><subfield code='6'>880-03</subfield><subfield code='a'>Tōhō Shin Tōhō sensō eiga DVD korekushon ;</subfield><subfield code='v'>64</subfield></datafield><datafield ind1='1' ind2=' ' tag='880'><subfield code='6'>490-03</subfield><subfield code='a'>東宝・新東宝戦争映画DVDコレクション ;</subfield><subfield code='v'>64</subfield></datafield><datafield ind1=' ' ind2=' ' tag='500'><subfield code='a'>Originally produced as a motion picture in 1965.</subfield></datafield><datafield ind1=' ' ind2=' ' tag='500'><subfield code='a'>Single-sided single layer; aspect ratio 16:9.</subfield></datafield><datafield ind1=' ' ind2=' ' tag='500'><subfield code='a'>Title from disc label.</subfield></datafield><datafield ind1=' ' ind2=' ' tag='500'><subfield code='6'>880-06</subfield><subfield code='a'>Based on the work Nippon military march by Dan Ikuma.</subfield></datafield><datafield ind1=' ' ind2=' ' tag='880'><subfield code='6'>500-06</subfield><subfield code='a'>Based on the work Nippon military march by 團伊玖磨.</subfield></datafield><datafield ind1=' ' ind2=' ' tag='508'><subfield code='6'>880-04</subfield><subfield code='a'>Director, Matsuyama Zenzō ; producer, Fujimoto Sanezumi, Ichikawa Kiichi.</subfield></datafield><datafield ind1=' ' ind2=' ' tag='880'><subfield code='6'>508-04</subfield><subfield code='a'>Director, 松山善三; producer, 藤本真澄, 市川喜一.</subfield></datafield><datafield ind1='1' ind2=' ' tag='511'><subfield code='6'>880-05</subfield><subfield code='a'>Kayama Yūzō, Kodama Kiyoshi.</subfield></datafield><datafield ind1='1' ind2=' ' tag='880'><subfield code='6'>511-05</subfield><subfield code='a'>加山雄三, 児玉清.</subfield></datafield><datafield ind1=' ' ind2=' ' tag='520'><subfield code='a'>A regimental band in the Imperial Japanese Army has good times and bad during the Second World War.</subfield></datafield><datafield ind1=' ' ind2=' ' tag='538'><subfield code='a'>DVD; NTSC region 2; Dolby Digital</subfield></datafield><datafield ind1='2' ind2='7' tag='611'><subfield code='a'>World War (1939-1945)</subfield><subfield code='2'>fast</subfield><subfield code='0'>(OCoLC)fst01180924</subfield></datafield><datafield ind1=' ' ind2='7' tag='648'><subfield code='a'>1939-1945</subfield><subfield code='2'>fast</subfield></datafield><datafield ind1=' ' ind2='0' tag='650'><subfield code='a'>World War, 1939-1945</subfield><subfield code='z'>Japan</subfield><subfield code='v'>Drama.</subfield></datafield><datafield ind1=' ' ind2='0' tag='650'><subfield code='a'>Marching</subfield><subfield code='v'>Drama.</subfield></datafield><datafield ind1=' ' ind2='7' tag='650'><subfield code='a'>Marching.</subfield><subfield code='2'>fast</subfield><subfield code='0'>(OCoLC)fst01009087</subfield></datafield><datafield ind1=' ' ind2='7' tag='651'><subfield code='a'>Japan.</subfield><subfield code='2'>fast</subfield><subfield code='0'>(OCoLC)fst01204082</subfield></datafield><datafield ind1=' ' ind2='7' tag='655'><subfield code='a'>Feature films.</subfield><subfield code='2'>lcgft</subfield></datafield><datafield ind1=' ' ind2='7' tag='655'><subfield code='a'>Fiction films.</subfield><subfield code='2'>lcgft</subfield></datafield><datafield ind1=' ' ind2='7' tag='655'><subfield code='a'>War films.</subfield><subfield code='2'>lcgft</subfield></datafield><datafield ind1=' ' ind2='7' tag='655'><subfield code='a'>Drama.</subfield><subfield code='2'>fast</subfield><subfield code='0'>(OCoLC)fst01423879</subfield></datafield><datafield ind1=' ' ind2='7' tag='655'><subfield code='a'>Feature films.</subfield><subfield code='2'>fast</subfield><subfield code='0'>(OCoLC)fst01710384</subfield></datafield><datafield ind1=' ' ind2='7' tag='655'><subfield code='a'>Fiction films.</subfield><subfield code='2'>fast</subfield><subfield code='0'>(OCoLC)fst01710264</subfield></datafield><datafield ind1=' ' ind2='7' tag='655'><subfield code='a'>War films.</subfield><subfield code='2'>fast</subfield><subfield code='0'>(OCoLC)fst01710402</subfield></datafield><datafield ind1='1' ind2=' ' tag='700'><subfield code='6'>880-07</subfield><subfield code='i'>Motion picture adaptation of (work):</subfield><subfield code='a'>Dan, Ikuma,</subfield><subfield code='d'>1924-2001.</subfield><subfield code='t'>Nippon military march.</subfield></datafield><datafield ind1='1' ind2=' ' tag='880'><subfield code='6'>700-07</subfield><subfield code='i'>Motion picture adaptation of (work):</subfield><subfield code='a'>團伊玖磨,</subfield><subfield code='d'>1924-2001.</subfield><subfield code='t'>Nippon military march.</subfield></datafield><datafield ind1='1' ind2=' ' tag='700'><subfield code='6'>880-08</subfield><subfield code='a'>Matsuyama, Zenzō.</subfield></datafield><datafield ind1='1' ind2=' ' tag='880'><subfield code='6'>700-08</subfield><subfield code='a'>松山善三.</subfield></datafield><datafield ind1='1' ind2=' ' tag='700'><subfield code='6'>880-09</subfield><subfield code='a'>Fujimoto, Masumi,</subfield><subfield code='d'>1910-1979.</subfield></datafield><datafield ind1='1' ind2=' ' tag='880'><subfield code='6'>700-09</subfield><subfield code='a'>藤本真澄,</subfield><subfield code='d'>1910-1979.</subfield></datafield><datafield ind1='1' ind2=' ' tag='700'><subfield code='6'>880-10</subfield><subfield code='a'>Ichikawa, Kiichi,</subfield><subfield code='d'>1923-2006.</subfield></datafield><datafield ind1='1' ind2=' ' tag='880'><subfield code='6'>700-10</subfield><subfield code='a'>市川喜一,</subfield><subfield code='d'>1923-2006.</subfield></datafield><datafield ind1='1' ind2=' ' tag='700'><subfield code='6'>880-11</subfield><subfield code='a'>Kayama, Yūzō,</subfield><subfield code='d'>1937-</subfield></datafield><datafield ind1='1' ind2=' ' tag='880'><subfield code='6'>700-11</subfield><subfield code='a'>加山雄三,</subfield><subfield code='d'>1937-</subfield></datafield><datafield ind1='1' ind2=' ' tag='700'><subfield code='6'>880-12</subfield><subfield code='a'>Kodama, Kiyoshi,</subfield><subfield code='d'>1934-2011.</subfield></datafield><datafield ind1='1' ind2=' ' tag='880'><subfield code='6'>700-12</subfield><subfield code='a'>児玉清,</subfield><subfield code='d'>1934-2011.</subfield></datafield><datafield ind1=' ' ind2='0' tag='830'><subfield code='6'>880-13</subfield><subfield code='a'>Tōhō Shin Tōhō sensō eiga DVD korekushon ;</subfield><subfield code='v'>64.</subfield></datafield><datafield ind1=' ' ind2='0' tag='880'><subfield code='6'>830-13</subfield><subfield code='a'>東宝・新東宝戦争映画DVDコレクション ;</subfield><subfield code='v'>64.</subfield></datafield></record>